<record><leader>00000cas a22000007a 4500</leader><controlfield tag="001">14956450</controlfield><controlfield tag="008">861211d1uuu19uuiauwr ne      0    0eng d</controlfield><datafield ind1=" " ind2=" " tag="010"><subfield code="a">sn 86060916 </subfield></datafield><datafield ind1=" " ind2=" " tag="040"><subfield code="a">INP</subfield><subfield code="b">eng</subfield><subfield code="c">INP</subfield><subfield code="d">NYP</subfield><subfield code="d">OCLCQ</subfield><subfield code="d">OCLCF</subfield><subfield code="d">OCLCO</subfield></datafield><datafield ind1=" " ind2=" " tag="019"><subfield code="a">47699558</subfield></datafield><datafield ind1=" " ind2=" " tag="042"><subfield code="a">msc</subfield></datafield><datafield ind1=" " ind2=" " tag="043"><subfield code="a">n-us-ny</subfield></datafield><datafield ind1="0" ind2="4" tag="245"><subfield code="a">The Real news.</subfield></datafield><datafield ind1=" " ind2=" " tag="260"><subfield code="a">Fort Dodge, Iowa :</subfield><subfield code="b">[s.n.]</subfield></datafield><datafield ind1=" " ind2=" " tag="300"><subfield code="a">v. :</subfield><subfield code="b">ill. ;</subfield><subfield code="c">39 cm.</subfield></datafield><datafield ind1=" " ind2=" " tag="310"><subfield code="a">Weekly</subfield></datafield><datafield ind1=" " ind2=" " tag="588"><subfield code="a">Description based on: Vol. 11, no. 52 (July 20, 1934).</subfield></datafield><datafield ind1="0" ind2="0" tag="630"><subfield code="a">Daily news (New York, N.Y. : 1920)</subfield><subfield code="v">Periodicals.</subfield></datafield><datafield ind1=" " ind2="0" tag="650"><subfield code="a">Strikes and lockouts</subfield><subfield code="x">Newspapers</subfield><subfield code="z">New York (State)</subfield><subfield code="z">New York</subfield><subfield code="v">Periodicals.</subfield></datafield><datafield ind1=" " ind2="7" tag="655"><subfield code="a">Periodicals.</subfield><subfield code="2">fast</subfield><subfield code="0">(OCoLC)fst01411641</subfield></datafield><datafield ind1="0" ind2="7" tag="630"><subfield code="a">Daily news (New York, N.Y. : 1920)</subfield><subfield code="2">fast</subfield><subfield code="0">(OCoLC)fst01356037</subfield></datafield><datafield ind1=" " ind2="7" tag="650"><subfield code="a">Strikes and lockouts</subfield><subfield code="x">Newspapers.</subfield><subfield code="2">fast</subfield><subfield code="0">(OCoLC)fst01135163</subfield></datafield><datafield ind1=" " ind2="7" tag="651"><subfield code="a">New York (State)</subfield><subfield code="z">New York.</subfield><subfield code="2">fast</subfield><subfield code="0">(OCoLC)fst01204333</subfield></datafield><datafield ind1=" " ind2=" " tag="752"><subfield code="a">United States</subfield><subfield code="b">Iowa</subfield><subfield code="c">Webster</subfield><subfield code="d">Fort Dodge.</subfield></datafield></record>